
@misc{flockos, 
    author = "Department of Telecommunication Systems",
    title = "FlockOS - Distributed Swarm Operating Systems",
    howpublished = "\url{http://www.kbs.tu-berlin.de/menue/research/projects/flockos_-_schwarmbetriebssystem/parameter/en/}"
}

@misc{taskit, 
    author = "taskit embedded systems",
    title = "taskit Portux920T",
    howpublished = "\url{http://www.taskit.de/en/products/portux/index.htm}"
}

@misc{atmel, 
    author = "Atmel Corporation",
    title = "AT91RM9200",
    howpublished = "\url{http://www.atmel.com/dyn/products/product_card.asp?part_id=2983}"
}


@book{stevens94,
	author = "Gary R. Wright, W. Richard Stevens",
	title = "TCP/IP Illustrated, Volume 1: The Protocols",
	year = "1994",
	publisher = "Addison Wesley"
}

@book{stevens95,
	author = "Gary R. Wright, W. Richard Stevens",
	title = "TCP/IP Illustrated Volume 2, The Implementation",
	year = "1995",
	publisher = "Addison Wesley Professional Computing Series"
}


@misc{rfc791,
    author = "Defense Advanced Research Projects Agency",
	title = "RFC 791 - Internet Protocol",
	year = "1981",
	note = "\url{http://tools.ietf.org/html/rfc791}"
}


@misc{rfc793,
    author = "Defense Advanced Research Projects Agency",
	title = "RFC 793 - Transmission Control Protocol",
	note = "\url{http://tools.ietf.org/html/rfc0793}"
}


@misc{rfc768,
    author = " J. Postel",
	title = "RFC 768 - User Datagram Protocol",
	note = "\url{http://tools.ietf.org/html/rfc0768}"
}

@misc{rfc1122,
    author = "Internet Engineering Task Force",
    title = "RFC 1122- Requirements for Internet Hosts -- Communication Layers",
    note = "\url{http://tools.ietf.org/html/rfc1122}"
}

@misc{finwait2,
    author = "Apache HTTP Server",
    title = "Connections in the FIN\_WAIT\_2 state and Apache",
    note = "\url{http://httpd.apache.org/docs/1.3/misc/fin\_wait\_2.html}"
}

@misc{rfc2018,
    author = "Sun Microsystems",
    title = "TCP Selective Acknowledgment Options",
    note = "\url{http://tools.ietf.org/html/rfc2018}"
}

@misc{isoc,
    author = "Internet Society",
    note = "\url{http://www.isoc.org/}"
}

@misc{ietf,
    author = "The Internet Engineering Task Force",
    note = "\url{http://www.ietf.org/}"
}
